<?xml version="1.0" encoding="UTF-8"?><collection><record><leader>06722ntm a2200541 a 4500</leader><controlfield tag="001">006815158</controlfield><controlfield tag="003">MiAaHDL</controlfield><controlfield tag="005">20190719000000.0</controlfield><controlfield tag="006">m        d        </controlfield><controlfield tag="007">cr bn ---auaua</controlfield><controlfield tag="008">090610s1787    xx            ||| 0 ara d</controlfield><datafield tag="035" ind1=" " ind2=" "><subfield code="a">(MiU)006815158</subfield></datafield><datafield tag="035" ind1=" " ind2=" "><subfield code="a">sdr-miu006815158</subfield></datafield><datafield tag="040" ind1=" " ind2=" "><subfield code="a">MiU</subfield><subfield code="c">MiU</subfield><subfield code="e">amremm</subfield></datafield><datafield tag="043" ind1=" " ind2=" "><subfield code="a">n-us-mi</subfield></datafield><datafield tag="100" ind1="1" ind2=" "><subfield code="6">880-01</subfield><subfield code="a">Bandanījī, ‘Alī al-Qādirī,</subfield><subfield code="d">fl. 1750.</subfield></datafield><datafield tag="240" ind1="1" ind2="0"><subfield code="6">880-02</subfield><subfield code="a">Mawārid al-ladunīyah fī sharḥ al-‘Aynīyah</subfield></datafield><datafield tag="245" ind1="1" ind2="0"><subfield code="6">880-03</subfield><subfield code="a">Hādhā Kitāb al-Mawārid al-ladunīyah fī sharḥ al-‘Aynīyah,</subfield><subfield code="f">[1201, i.e. 1787].</subfield></datafield><datafield tag="246" ind1="3" ind2=" "><subfield code="i">Title from inscription on 'title page' (p.1):</subfield><subfield code="a">موارد اللدنية</subfield></datafield><datafield tag="260" ind1=" " ind2=" "><subfield code="c">[1787].</subfield></datafield><datafield tag="300" ind1=" " ind2=" "><subfield code="a">92 leaves :</subfield><subfield code="b">paper ;</subfield><subfield code="c">230 x 166 (184-187 x 103-105) mm.</subfield></datafield><datafield tag="500" ind1=" " ind2=" "><subfield code="a">Shelfmark: Ann Arbor, University of Michigan, Special Collections Library, Isl. Ms. 641</subfield></datafield><datafield tag="500" ind1=" " ind2=" "><subfield code="a">Origin: As appears in colophon on p.141, copied by one Maḥmūd ( محمود ) who provides his name (preceded by an expression of humility) in a series of separated letters in their isolated forms "ف ق ي ر ض ع ي ف م ح م و د", with transcription completed 15 Jumādá I 1201 [ca. 5 March 1787]. As appears in preceding authorial colophon (also on p.141), composition (taswīd) completed end of Jumādá II 1163 [early June 1750].</subfield></datafield><datafield tag="500" ind1=" " ind2=" "><subfield code="a">Accompanying materials: a. Inventory cataloguing slip in hand of Winifred Smeaton Thomas -- b. Acquisitions slip from Yahuda.</subfield></datafield><datafield tag="500" ind1=" " ind2=" "><subfield code="a">Former shelfmark: From 'title page' (p.1) "IL 376" (likely supplied by Yahuda, see acquisitions slip).</subfield></datafield><datafield tag="500" ind1=" " ind2=" "><subfield code="a">Binding: Boards lost though traces of spine (red leather) and spine lining and hinges (red linen) remain ; perhaps once Type II binding (traces of flap) ; sewn in heavy cream or light pink thread, two stations ; worked endbands in cream over red core, fair condition ; overall in quite poor condition with covers lost, lifting and losses of spine leather and lining, much staining and edge tears, etc. ; housed in box for protection.</subfield></datafield><datafield tag="500" ind1=" " ind2=" "><subfield code="a">Support: European laid paper with 8 laid liens per cm. (vertical), chain lines spaced 26-28 mm. apart (horizontal), and three crescents watermark (95 mm. long, perpendicular to chains) ; quite dense and sturdy, well-burnished ; some pigment burn to breakthrough at frame of written area in opening leaves.</subfield></datafield><datafield tag="500" ind1=" " ind2=" "><subfield code="a">Decoration: Headings, keywords, excerpts of poem being commented upon, and colophon rubricated ; written area at opening of codex (first two quires, through p.40) surrounded by 'gilt' (gone to green) rule-border that has burned the paper to breakthrough in some leaves ; same 'gilt' pigment (now gone to green) has been applied to the margins of the incipit page ; elsewhere (p.41 to close of codex) written area surrounded by red rule-border ; textual dividers in the form of red hāʼ ; overlining in red ; diagrams in red and black appear occasionally in margins (see p.33, 50, 120, etc.).</subfield></datafield><datafield tag="500" ind1=" " ind2=" "><subfield code="a">Script: Naskh ; elegant Persianate Iraqi or Turkish [?] hand ; mainly seriffed with right-sloping head-serif on all ascenders (including free-standing alif) though towards end of the text lest consistent, effect of tilt to the left, curvilinear descenders (rightward descenders large and tapered), elongated vertical strokes, dramatic sweeping shaqq on kāf, pointing (for two and three dots) in strokes rather than distinct dots, partially vocalized.</subfield></datafield><datafield tag="500" ind1=" " ind2=" "><subfield code="a">Layout: Written in 19 lines per page ; frame-ruled (impression of ruling board evident).</subfield></datafield><datafield tag="500" ind1=" " ind2=" "><subfield code="a">Collation: 6 V(60), VI (72), 2 V(92) ; almost exclusively quinions ; final two quires (pp.142-184) ruled but left blank ; catchwords present ; pagination in pencil, Western numerals, supplied during digitization.</subfield></datafield><datafield tag="500" ind1=" " ind2=" "><subfield code="a">Colophon: "Authorial," reads "قد وقع الفراغ من تسويده في سلخ جمادى الاخر قبيل العصر يوم الخميس في سنه ۱۱٦٣ من الهجرة النبوية على صاحبها افضل الصلوة واحمل التسليم والحمد لله اولا واخرا واختتاما" ; "Scribal," reads "من بعده هذه الكتابة سنه ۱۲۰۱ في شهر جمادى ف ق ي ر ض ع ي ف م ح م و د الاول يوم الاحد نصف الشهر قبيل الظهر</subfield></datafield><datafield tag="500" ind1=" " ind2=" "><subfield code="a">Explicit: "فانه لا يستعظم قرب الحق من العبد والبقاء بالحق الا المحجوب بكثافة نفسانية وبظلمة صفة حيوانية وفقه الله للاعتقاد الخالص وجعل خاتمته على خير تتمة اللهم اجعل ما الهمتني من علوم حقيقتك ... سبحان ربك رب العزة عما يصفون وسلام على المرسلين والحمد لله رب العالمين"</subfield></datafield><datafield tag="500" ind1=" " ind2=" "><subfield code="a">Incipit: "الحمد لله الذي نشر لنا ما انطوى من الطريق المحمدية واظهر بنا ما اختفى من الحقائق الواحدية ... وبعد اقول وانا الفقير السيد علي القادري البندنيجي لما فرغت من نظم قصيدتي العينية سألني بعض المحبين ان اجعل لها شرحا وجيزا ..."</subfield></datafield><datafield tag="500" ind1=" " ind2=" "><subfield code="a">Title from rubricated heading at opening (incipit page, p.2).</subfield></datafield><datafield tag="500" ind1=" " ind2=" "><subfield code="a">Ms. codex.</subfield></datafield><datafield tag="520" ind1="8" ind2=" "><subfield code="a">Careful copy of the author's commentary upon his own work, al-ʻAynīyah, a ṣūfī poem in ʻayn.</subfield></datafield><datafield tag="538" ind1=" " ind2=" "><subfield code="a">Mode of access: Internet.</subfield></datafield><datafield tag="541" ind1=" " ind2=" "><subfield code="a">Acquired in 1926 from the bookseller Isaac Benjamin S.E. Yahuda via purchase transacted on his behalf by Abraham Shalom Yahuda (1877-1951), his younger brother.</subfield></datafield><datafield tag="546" ind1=" " ind2=" "><subfield code="a">Arabic.</subfield></datafield><datafield tag="561" ind1=" " ind2=" "><subfield code="a">On 'title page' (p.1), waqf statement accompanied by circular seal impression (likely dated 1167 [1753 or 4]) in name of al-Ḥājj Muḥammad Saʻīd ( الحاج محمد سعيد ), statement reads "وقد وقفت هذا الكتاب [المسمى] بالموارد للدنية [اللدنية] وقفا صححى [صحيحا] مرعيا شرائط وانا الفقير الحاج محمد سعيد" (compare statement in Is. Ms. 518).</subfield></datafield><datafield tag="600" ind1="1" ind2="0"><subfield code="a">Bandanījī, ‘Alī al-Qādirī,</subfield><subfield code="d">fl. 1750.</subfield><subfield code="t">ʻAynīyah.</subfield></datafield><datafield tag="650" ind1=" " ind2="0"><subfield code="a">Manuscripts, Arabic</subfield><subfield code="z">Michigan</subfield><subfield code="z">Ann Arbor.</subfield></datafield><datafield tag="650" ind1=" " ind2="0"><subfield code="a">Sufi poetry, Arabic</subfield><subfield code="v">Early works to 1800.</subfield></datafield><datafield tag="773" ind1="0" ind2=" "><subfield code="a">Yahuda Collection.</subfield></datafield><datafield tag="880" ind1="1" ind2="0"><subfield code="6">245-03/</subfield><subfield code="a">هذا كتاب الموارد اللدنية في شرح العينية,</subfield><subfield code="f">[1201ه، 1787م].</subfield></datafield><datafield tag="880" ind1="1" ind2="0"><subfield code="6">240-02/</subfield><subfield code="a">موارد اللدنية في شرح العينية</subfield></datafield><datafield tag="880" ind1="1" ind2=" "><subfield code="6">100-01/</subfield><subfield code="a">بندنيجي، علي القادري.</subfield></datafield><datafield tag="CID" ind1=" " ind2=" "><subfield code="a">006815158</subfield></datafield><datafield tag="DAT" ind1="0" ind2=" "><subfield code="a">20190719102639.0</subfield><subfield code="b">20190719000000.0</subfield></datafield><datafield tag="DAT" ind1="1" ind2=" "><subfield code="a">20190719090653.0</subfield><subfield code="b">2019-07-19T16:12:08Z</subfield></datafield><datafield tag="DAT" ind1="2" ind2=" "><subfield code="a">2015-10-02T18:00:03Z</subfield></datafield><datafield tag="CAT" ind1=" " ind2=" "><subfield code="a">SDR-MIU</subfield><subfield code="d">EX LIBRIS - ALEPH</subfield><subfield code="l">prepare.pl-004-008</subfield></datafield><datafield tag="FMT" ind1=" " ind2=" "><subfield code="a">BK</subfield></datafield><datafield tag="HOL" ind1=" " ind2=" "><subfield code="0">sdr-miu006815158</subfield><subfield code="a">MiU</subfield><subfield code="b">SDR</subfield><subfield code="c">MIU</subfield><subfield code="p">mdp.39015079129329</subfield><subfield code="s">MIU</subfield><subfield code="1">006815158</subfield></datafield><datafield tag="974" ind1=" " ind2=" "><subfield code="b">MIU</subfield><subfield code="c">MIU</subfield><subfield code="d">20190719</subfield><subfield code="s">lit-dlps-dc</subfield><subfield code="u">mdp.39015079129329</subfield><subfield code="y">1787</subfield><subfield code="r">pd</subfield><subfield code="q">bib</subfield><subfield code="t">non-US bib date1 &lt; 1879</subfield></datafield></record></collection>